% This file was created with Citavi 6.6.0.0

@book{.1990,
 year = "1990",
 title = "{The Collected Economics Articles of Harold Hotelling}",
 publisher = "Springer"
}


@proceedings{.2015,
 year = "2015",
 title = "{23rd European Symposium on Artificial Neural Networks, ESANN 2015,  Bruges, Belgium, April 22-24, 2015}"
}


@proceedings{.2018,
 year = "2018",
 title = "{6th International Conference on Learning Representations, ICLR 2018,  Vancouver, BC, Canada, April 30 - May 3, 2018, Conference Track Proceedings}",
 publisher = "OpenReview.net"
}


@proceedings{.2020,
 year = "2020",
 title = "{8th International Conference on Learning Representations, ICLR 2020,  Addis Ababa, Ethiopia, April 26-30, 2020}",
 publisher = "OpenReview.net"
}


@book{Aggarwal.2015,
 author = "Aggarwal, Charu C.",
 year = "2015",
 title = "{Data Mining - The Textbook}",
 publisher = "Springer",
 isbn = "978-3-319-14141-1",
 doi = "10.1007/978-3-319-14142-8"
}


@proceedings{Balcan.2016,
 year = "2016",
 title = "{Proceedings of the 33nd International Conference on Machine Learning,  ICML 2016, New York City, NY, USA, June 19-24, 2016}",
 publisher = "JMLR.org",
 series = "{JMLR Workshop and Conference Proceedings}",
 editor = "Balcan, Maria-Florina and Weinberger, Kilian Q."
}


@proceedings{Bengio.2018,
 year = "2018",
 title = "{Advances in Neural Information Processing Systems 31: Annual Conference  on Neural Information Processing Systems 2018, NeurIPS 2018, 3-8 December  2018, Montréal, Canada}",
 editor = "Bengio, Samy and Wallach, Hanna M. and Larochelle, Hugo and Grauman, Kristen and Cesa-Bianchi, Nicolò and Garnett, Roman"
}


@proceedings{Champin.2018,
 year = "2018",
 title = "{Proceedings of the 2018 World Wide Web Conference on World Wide Web,  WWW 2018, Lyon, France, April 23-27, 2018}",
 publisher = "ACM",
 editor = "Champin, Pierre-Antoine and Gandon, Fabien L. and Lalmas, Mounia and Ipeirotis, Panagiotis G."
}


@proceedings{Chaudhuri.2019,
 year = "2019",
 title = "{Proceedings of the 36th International Conference on Machine Learning,  ICML 2019, 9-15 June 2019, Long Beach, California, USA}",
 publisher = "PMLR",
 series = "{Proceedings of Machine Learning Research}",
 editor = "Chaudhuri, Kamalika and Salakhutdinov, Ruslan"
}


@inproceedings{Du.2017,
 author = "Du, Min and Feifei, Li and Zheng, Guineng and Srikumar, Vivek",
 title = "{DeepLog: Anomaly Detection and Diagnosis from System Logs through  Deep Learning}",
 pages = "1285--1298",
 bookpagination = "page",
 publisher = "ACM",
 editor = "Thuraisingham, Bhavani M. and Evans, David and Malkin, Tal and Xu, Dongyan",
 booktitle = "{Proceedings of the 2017 ACM SIGSAC Conference on Computer and  Communications Security, CCS 2017, Dallas, TX, USA, October 30 -  November 03, 2017}",
 year = "2017",
 doi = "10.1145/3133956.3134015"
}


@article{Flunkert.2017,
 author = "Flunkert, Valentin and Salinas, David and Gasthaus, Jan",
 year = "2017",
 title = "{DeepAR: Probabilistic Forecasting with Autoregressive Recurrent Networks}",
 volume = "abs/1704.04110",
 journal = "{CoRR}",
 file = "http://arxiv.org/abs/1704.04110"
}


@proceedings{Frew.2005,
 year = "2005",
 title = "{17th International Conference on Scientific and Statistical Database  Management, SSDBM 2005, 27-29 June 2005, University of California,  Santa Barbara, CA, USA, Proceedings}",
 editor = "Frew, James"
}


@inproceedings{Guha.2016,
 author = "Guha, Sudipto and Mishra, Nina and Roy, Gourav and Schrijvers, Okke",
 title = "{Robust Random Cut Forest Based Anomaly Detection on Streams}",
 url = "http://proceedings.mlr.press/v48/guha16.html",
 pages = "2712--2721",
 bookpagination = "page",
 volume = "48",
 publisher = "JMLR.org",
 series = "{JMLR Workshop and Conference Proceedings}",
 editor = "Balcan, Maria-Florina and Weinberger, Kilian Q.",
 booktitle = "{Proceedings of the 33nd International Conference on Machine Learning,  ICML 2016, New York City, NY, USA, June 19-24, 2016}",
 year = "2016"
}


@proceedings{Guo.2018,
 year = "2018",
 title = "{Proceedings of the 24th ACM SIGKDD International Conference on  Knowledge Discovery {\&} Data Mining, KDD 2018, London, UK,  August 19-23, 2018}",
 publisher = "ACM",
 editor = "Guo, Yike and Farooq, Faisal"
}


@incollection{Hotelling.1990,
 author = "Hotelling, Harold",
 title = "{Stability in competition}",
 pages = "50--63",
 bookpagination = "page",
 publisher = "Springer",
 booktitle = "{The Collected Economics Articles of Harold Hotelling}",
 year = "1990"
}


@inproceedings{Hundman.2018,
 author = "Hundman, Kyle and Constantinou, Valentino and Laporte, Christopher and Colwell, Ian and Söderström, Tom",
 title = "{Detecting Spacecraft Anomalies Using LSTMs and Nonparametric Dynamic  Thresholding}",
 pages = "387--395",
 bookpagination = "page",
 publisher = "ACM",
 editor = "Guo, Yike and Farooq, Faisal",
 booktitle = "{Proceedings of the 24th ACM SIGKDD International Conference on  Knowledge Discovery {\&} Data Mining, KDD 2018, London, UK,  August 19-23, 2018}",
 year = "2018",
 doi = "10.1145/3219819.3219845"
}


@inproceedings{Malhotra.2015,
 author = "Malhotra, Pankaj and Vig, Lovekesh and Shroff, Gautam M. and Agarwal, Puneet",
 title = "{Long Short Term Memory Networks for Anomaly Detection in Time Series}",
 url = "http://www.elen.ucl.ac.be/Proceedings/esann/esannpdf/es2015-56.pdf",
 booktitle = "{23rd European Symposium on Artificial Neural Networks, ESANN 2015,  Bruges, Belgium, April 22-24, 2015}",
 year = "2015"
}


@inproceedings{Oreshkin.2020,
 author = "Oreshkin, Boris N. and Carpov, Dmitri and Chapados, Nicolas and Bengio, Yoshua",
 title = "{N-BEATS: Neural basis expansion analysis for interpretable time  series forecasting}",
 url = "https://openreview.net/forum?id=r1ecqn4YwB",
 publisher = "OpenReview.net",
 booktitle = "{8th International Conference on Learning Representations, ICLR 2020,  Addis Ababa, Ethiopia, April 26-30, 2020}",
 year = "2020"
}


@inproceedings{Rangapuram.2018,
 author = "Rangapuram, Syama Sundar and Seeger, Matthias W. and Gasthaus, Jan and Stella, Lorenzo and Wang, Yuyang and Januschowski, Tim",
 title = "{Deep State Space Models for Time Series Forecasting}",
 url = "http://papers.nips.cc/paper/8004-deep-state-space-models-for-time-series-forecasting",
 pages = "7796--7805",
 bookpagination = "page",
 editor = "Bengio, Samy and Wallach, Hanna M. and Larochelle, Hugo and Grauman, Kristen and Cesa-Bianchi, Nicolò and Garnett, Roman",
 booktitle = "{Advances in Neural Information Processing Systems 31: Annual Conference  on Neural Information Processing Systems 2018, NeurIPS 2018, 3-8 December  2018, Montréal, Canada}",
 year = "2018"
}


@proceedings{Thuraisingham.2017,
 year = "2017",
 title = "{Proceedings of the 2017 ACM SIGSAC Conference on Computer and  Communications Security, CCS 2017, Dallas, TX, USA, October 30 -  November 03, 2017}",
 publisher = "ACM",
 editor = "Thuraisingham, Bhavani M. and Evans, David and Malkin, Tal and Xu, Dongyan"
}


@inproceedings{Wang.2019,
 author = "Wang, Yuyang and Smola, Alex and Maddix, Danielle C. and Gasthaus, Jan and Foster, Dean and Januschowski, Tim",
 title = "{Deep Factors for Forecasting}",
 url = "http://proceedings.mlr.press/v97/wang19k.html",
 pages = "6607--6617",
 bookpagination = "page",
 volume = "97",
 publisher = "PMLR",
 series = "{Proceedings of Machine Learning Research}",
 editor = "Chaudhuri, Kamalika and Salakhutdinov, Ruslan",
 booktitle = "{Proceedings of the 36th International Conference on Machine Learning,  ICML 2019, 9-15 June 2019, Long Beach, California, USA}",
 year = "2019"
}


@inproceedings{Wei.2005,
 author = "Wei, Li and Kumar, Nitin and Lolla, Venkata Nishanth and Keogh, Eamonn J. and Lonardi, Stefano and Ratanamahatana, Chotirat (Ann)",
 title = "{Assumption-Free Anomaly Detection in Time Series}",
 pages = "237--240",
 bookpagination = "page",
 editor = "Frew, James",
 booktitle = "{17th International Conference on Scientific and Statistical Database  Management, SSDBM 2005, 27-29 June 2005, University of California,  Santa Barbara, CA, USA, Proceedings}",
 year = "2005"
}


@inproceedings{Xu.2018,
 author = "Xu, Haowen and Chen, Wenxiao and Zhao, Nengwen and {Li Zeyan} and Bu, Jiahao and {Li Zhihan} and Liu, Ying and Zhao, Youjian and Pei, Dan and Feng, Yang and Chen, Jie and Wang, Zhaogang and Qiao, Honglin",
 title = "{Unsupervised Anomaly Detection via Variational Auto-Encoder for Seasonal  KPIs in Web Applications}",
 pages = "187--196",
 bookpagination = "page",
 publisher = "ACM",
 editor = "Champin, Pierre-Antoine and Gandon, Fabien L. and Lalmas, Mounia and Ipeirotis, Panagiotis G.",
 booktitle = "{Proceedings of the 2018 World Wide Web Conference on World Wide Web,  WWW 2018, Lyon, France, April 23-27, 2018}",
 year = "2018",
 doi = "10.1145/3178876.3185996"
}


@inproceedings{Zong.2018,
 author = "Zong, Bo and Song, Qi and Min, Martin Renqiang and Cheng, Wei and Lumezanu, Cristian and Cho, Dae-ki and Chen, Haifeng",
 title = "{Deep Autoencoding Gaussian Mixture Model for Unsupervised Anomaly  Detection}",
 url = "https://openreview.net/forum?id=BJJLHbb0-",
 publisher = "OpenReview.net",
 booktitle = "{6th International Conference on Learning Representations, ICLR 2018,  Vancouver, BC, Canada, April 30 - May 3, 2018, Conference Track Proceedings}",
 year = "2018"
}

@inproceedings{Zhu.2017,
 author = "Zhu, Lingxue and Laptev, Nikolay",
 title = "{Deep and Confident Prediction for Time Series at Uber}",
 url = "https://doi.org/10.1109/ICDMW.2017.19",
 pages = "103--110",
 bookpagination = "page",
 publisher = "{IEEE Computer Society}",
 editor = "Gottumukkala, Raju and Ning, Xia and Dong, Guozhu and Raghavan, Vijay and Aluru, Srinivas and Karypis, George and Miele, Lucio and Wu, Xindong",
 booktitle = "{2017 IEEE International Conference on Data Mining Workshops, ICDM  Workshops 2017, New Orleans, LA, USA, November 18-21, 2017}",
 year = "2017",
 doi = "10.1109/ICDMW.2017.19"
}


